%% This BibTeX bibliography file was created using BibDesk.
%% http://bibdesk.sourceforge.net/


%% Created for Scherpereel, John Andrew - scherpja at 2015-01-27 16:31:03 -0500 


%% Saved with string encoding Unicode (UTF-8) 



@article{glassman.straus.shogan.2013,
	Author = {Glassman, Matthew Eric and Straus, Jacob R. and Shogan, Colleen J.},
	Date-Added = {2015-01-27 19:27:04 +0000},
	Date-Modified = {2015-01-27 21:30:55 +0000},
	Journal = {Congressional Research Service},
	Month = {March},
	Title = {Social networking and constituent communications: members' use of Twitter and Facebook during a two-month period in the 112th Congress},
	Year = {2013}}

@article{wei.lo.2006,
	Author = {Wei, Ran and Lo, Ven-Hwei},
	Date-Added = {2015-01-27 19:25:50 +0000},
	Date-Modified = {2015-01-27 19:26:57 +0000},
	Journal = {New Media & Society},
	Number = {1},
	Pages = {53-72},
	Title = {Staying connected while on the move: cell phone use and social connectedness},
	Volume = {8},
	Year = {2006}}

@article{hargittai.2007,
	Author = {Hargittai, Eszter},
	Date-Added = {2015-01-27 19:24:48 +0000},
	Date-Modified = {2015-01-27 19:25:46 +0000},
	Journal = {Journal of Computer-Mediated Communication},
	Number = {1},
	Pages = {276-297},
	Title = {Whose space? Differences among users and non-users of social network sites},
	Volume = {13},
	Year = {207}}

@article{cite-key,
	Author = {Hargittai},
	Date-Added = {2015-01-27 18:24:26 +0000},
	Date-Modified = {2015-01-27 21:31:03 +0000}}

@article{gibson.rommele.2001,
	Author = {Gibson, Rachel and R{\"o}mmele, Andrea},
	Date-Added = {2015-01-27 18:21:36 +0000},
	Date-Modified = {2015-01-27 18:24:15 +0000},
	Journal = {The Harvard International Journal of Press/Politics},
	Number = {4},
	Pages = {31-43},
	Title = {Changing campaign communications: a party-centered theory of professionalized campaigning},
	Volume = {6},
	Year = {2001}}

@article{vergeer.hermans.sams.2011,
	Author = {Vergeer, Maurice and Hermans, Liesbeth and Sams, Steven},
	Date-Added = {2015-01-27 18:20:11 +0000},
	Date-Modified = {2015-01-27 18:21:35 +0000},
	Journal = {First Monday},
	Number = {8},
	Title = {Is the voter only a tweet away? Micro-blogging during the 2009 european parliament election campaign in the Netherlands},
	Volume = {16},
	Year = {2011}}

@article{gibson.ward.2009,
	Author = {Gibson, Rachel and Ward, Stephen},
	Date-Added = {2015-01-27 18:19:22 +0000},
	Date-Modified = {2015-01-27 18:20:08 +0000},
	Journal = {Representation},
	Number = {1},
	Pages = {87-100},
	Title = {Parties in the digital age: a review article},
	Volume = {45},
	Year = {2009}}

@conference{gulati.williams.2011,
	Address = {Available at SSRN 1817053},
	Author = {Gulati, Girish and Williams, Christine},
	Date-Added = {2015-01-27 18:17:04 +0000},
	Date-Modified = {2015-01-27 18:19:14 +0000},
	Title = {Social media in the 2010 Congressional elections},
	Year = {2011}}

@article{shogan.2010,
	Author = {Shogan, Colleen J.},
	Date-Added = {2015-01-27 18:15:24 +0000},
	Date-Modified = {2015-01-27 18:16:43 +0000},
	Journal = {PS: Political Science & Politics},
	Number = {2},
	Pages = {231-233},
	Title = {Blackberries, tweets, and YouTube: technology and the future of communicating with Congress.},
	Volume = {43},
	Year = {2010}}

@article{peterson.2012,
	Author = {Peterson, Rolfe Daus},
	Date-Added = {2015-01-27 18:14:12 +0000},
	Date-Modified = {2015-01-27 18:15:18 +0000},
	Journal = {The Social Science Journal},
	Number = {4},
	Pages = {430-438},
	Title = {To tweet or not to tweet: exploring the determinants of early adoption of Twitter by House members in the 111th Congress},
	Volume = {49},
	Year = {2012}}

@article{lowi.1963,
	Author = {Lowi, Theodore},
	Date-Added = {2015-01-27 18:10:19 +0000},
	Date-Modified = {2015-01-27 18:13:58 +0000},
	Journal = {Americal Political Science Review},
	Month = {September},
	Number = {3},
	Pages = {570-583},
	Title = {Toward functionalism in political science: the case of innovatiion in party systems},
	Volume = {57},
	Year = {1963}}

@book{klotz.2004,
	Author = {Klotz, Robert J.},
	Date-Added = {2015-01-27 18:09:30 +0000},
	Date-Modified = {2015-01-27 18:13:42 +0000},
	Publisher = {Rowman & Littlefield},
	Title = {The politics of Internet communication},
	Year = {2004}}

@article{king.1989,
	Author = {King, Gary},
	Date-Added = {2015-01-27 18:08:15 +0000},
	Date-Modified = {2015-01-27 18:14:05 +0000},
	Journal = {American Journal of Political Science},
	Number = {3},
	Pages = {762-784},
	Title = {Variance specification in event count models: from restrict assumptions to a generalized estimator},
	Volume = {33},
	Year = {1989}}

@article{hernnson.stokes-brown.hindman.2007,
	Author = {Herrnson, Paul S. and Stokes-Brown, Atiya Kai and Hindman, Matthew},
	Date-Added = {2015-01-27 18:06:31 +0000},
	Date-Modified = {2015-01-27 18:13:02 +0000},
	Journal = {Political Research Quarterly},
	Number = {1},
	Pages = {31-42},
	Title = {Campaign politics and the digital divide: constituency characteristics, strategic considerations, and candidate internet use in state legislative elections},
	Volume = {60},
	Year = {2007}}

@book{cook.1998,
	Author = {Cook, Timothy E.},
	Date-Added = {2015-01-27 18:05:29 +0000},
	Date-Modified = {2015-01-27 18:13:08 +0000},
	Publisher = {University of Chicago Press},
	Title = {Governing with the news: the news media as a political institution},
	Year = {1998}}

@article{chen.2010,
	Author = {Chen, Peter},
	Date-Added = {2015-01-27 18:04:35 +0000},
	Date-Modified = {2015-01-27 18:12:53 +0000},
	Journal = {Public Communication Review},
	Number = {1},
	Pages = {3-26},
	Title = {Adoption and use of digital media in election campaigns: Australia, Canada and New Zealand compared},
	Volume = {1},
	Year = {2010}}

@article{adler.gent.overmeyer.1998,
	Author = {Adler, E. Scott and Gent, Chariti E. and Overmeyer, Cary B.},
	Date-Added = {2015-01-27 17:58:33 +0000},
	Date-Modified = {2015-01-27 18:13:34 +0000},
	Journal = {Legislative Studies Quarterly},
	Number = {4},
	Pages = {585-595},
	Title = {The home style hompeage: legislator use of the World Wide Web for constituency contact},
	Volume = {23},
	Year = {1998}}

@book{chadwick.2006,
	Author = {Chadwick, Andrew},
	Date-Added = {2015-01-27 17:53:59 +0000},
	Date-Modified = {2015-01-27 18:13:30 +0000},
	Publisher = {Oxford University Press},
	Title = {Internet politics: states, citizens, and new communication technologies},
	Year = {2006}}

@article{arrow.hurwicz.uzawa.1961,
	Author = {Arrow, Kenneth J. and Leonid Hurwicz and Hirofumi Uzawa},
	Date-Modified = {2015-01-27 18:12:23 +0000},
	Journal = {Naval Research Logistics Quarterly},
	Pages = {175-191},
	Title = {Constraint qualifications in maximization problems},
	Volume = {8},
	Year = 1961}

@book{aliprantis.border.1994,
	Address = {Berlin},
	Author = {Charalambos D. Aliprantis and Kim C. Border},
	Date-Modified = {2015-01-27 18:13:21 +0000},
	Publisher = {Springer},
	Title = {Infinite Dimensional Analysis},
	Year = {1994}}

@incollection{maskin.1985,
	Addess = {Cambridge},
	Author = {Maskin, Eric S.},
	Booktitle = {Social Goals and Social Organization},
	Date-Modified = {2015-01-27 18:12:42 +0000},
	Editor = {Leonid Hurwicz and David Schmeidler and Hugo Sonnenschein},
	Pages = {173-204},
	Publisher = {Cambridge University Press},
	Title = {The theory of implementation in {N}ash equilibrium: a survey},
	Year = {1985}}
